<record><leader>01548cjm a2200421 a 4500</leader><controlfield tag="001">1383498</controlfield><controlfield tag="007">ss lsnjlcmpnue</controlfield><controlfield tag="008">910620s1985    ii zz               eng c</controlfield><datafield ind1="0" ind2="1" tag="028"><subfield code="a">230 343</subfield><subfield code="b">Audio Products &amp; Accessories</subfield></datafield><datafield ind1=" " ind2=" " tag="035"><subfield code="a">ocm70347763</subfield></datafield><datafield ind1=" " ind2=" " tag="040"><subfield code="b">eng</subfield></datafield><datafield ind1=" " ind2=" " tag="043"><subfield code="a">a-ii---</subfield></datafield><datafield ind1=" " ind2=" " tag="049"><subfield code="a">AEU</subfield><subfield code="b">eng</subfield></datafield><datafield ind1=" " ind2="3" tag="055"><subfield code="a">M 1808 S225</subfield><subfield code="b">K96 1985</subfield></datafield><datafield ind1="0" ind2=" " tag="090"><subfield code="a">M 1808 S225 K96 1985</subfield></datafield><datafield ind1="0" ind2=" " tag="100"><subfield code="a">Sangeeta,</subfield><subfield code="d">1965-</subfield></datafield><datafield ind1="1" ind2="0" tag="245"><subfield code="a">Kumari Sangeeta</subfield><subfield code="h">[sound recording] :</subfield><subfield code="b">the young envoy.</subfield></datafield><datafield ind1=" " ind2=" " tag="260"><subfield code="a">[Bombay :</subfield><subfield code="b">Audio Products &amp; Accessories,</subfield><subfield code="c">1985?]</subfield></datafield><datafield ind1=" " ind2=" " tag="300"><subfield code="a">1 sound cassette :</subfield><subfield code="b">analog, stereo.</subfield></datafield><datafield ind1=" " ind2=" " tag="336"><subfield code="a">performed music</subfield><subfield code="b">prm</subfield><subfield code="2">rdacontent</subfield></datafield><datafield ind1=" " ind2=" " tag="337"><subfield code="a">audio</subfield><subfield code="b">s</subfield><subfield code="2">rdamedia</subfield></datafield><datafield ind1=" " ind2=" " tag="338"><subfield code="a">audiocassette</subfield><subfield code="b">ss</subfield><subfield code="2">rdacarrier</subfield></datafield><datafield ind1="1" ind2=" " tag="490"><subfield code="a">Rhythm House classic</subfield></datafield><datafield ind1=" " ind2=" " tag="500"><subfield code="a">Audio Products &amp; Accessories: 230 343.</subfield></datafield><datafield ind1=" " ind2=" " tag="500"><subfield code="a">Title from cassette liner.</subfield></datafield><datafield ind1=" " ind2=" " tag="500"><subfield code="a">"Premium stereo".</subfield></datafield><datafield ind1="0" ind2=" " tag="505"><subfield code="a">Raga Bihag (28:00) -- Raga Chhayanat (10:15) -- Bhajan Mishra pilu (8:05) -- Raga Khamaj hori (9:55)</subfield></datafield><datafield ind1="0" ind2=" " tag="511"><subfield code="a">Kumari Sangeeta, violin; Kubernath Mishra, tabla; with tanpura (performer un-named).</subfield></datafield><datafield ind1=" " ind2=" " tag="518"><subfield code="a">"Recorded by Sarosh Bhabha in May 1985 at his studio in Bombay".</subfield></datafield><datafield ind1=" " ind2=" " tag="596"><subfield code="a">43</subfield></datafield><datafield ind1=" " ind2="0" tag="650"><subfield code="a">Music</subfield><subfield code="z">India.</subfield></datafield><datafield ind1=" " ind2="0" tag="650"><subfield code="a">Hindustani music.</subfield></datafield><datafield ind1=" " ind2="0" tag="650"><subfield code="a">Ragas.</subfield></datafield><datafield ind1=" " ind2="0" tag="650"><subfield code="a">Tabla and violin music.</subfield></datafield><datafield ind1="1" ind2=" " tag="700"><subfield code="a">Mishra, Kubernath.</subfield></datafield><datafield ind1="0" ind2=" " tag="740"><subfield code="a">Young envoy.</subfield></datafield><datafield ind1=" " ind2="0" tag="830"><subfield code="a">Rhythm House classic.</subfield></datafield><datafield ind1=" " ind2=" " tag="926"><subfield code="a">M 1808 S225 K96 1985</subfield><subfield code="w">LC</subfield><subfield code="c">1</subfield><subfield code="i">0162009280387</subfield><subfield code="d">3/12/2002</subfield><subfield code="l">MUSICMEDIA</subfield><subfield code="m">UAHSS</subfield><subfield code="n">2</subfield><subfield code="p">$150.00</subfield><subfield code="r">Y</subfield><subfield code="s">Y</subfield><subfield code="t">MAG_MEDIA</subfield><subfield code="u">4/28/1999</subfield></datafield></record>